<?xml version="1.0" encoding="UTF-8"?><collection xmlns="http://www.loc.gov/MARC21/slim"><record><leader>00516nam--2200157-i-4500</leader><controlfield tag="001">000008694</controlfield><controlfield tag="002">20161230</controlfield><controlfield tag="005">20170305203248</controlfield><controlfield tag="008">060222s1000------------r-----000-0-eng-d</controlfield><datafield ind1=" " ind2=" " tag="100"><subfield code="a">Berton, Micheline</subfield></datafield><datafield ind1=" " ind2=" " tag="245"><subfield code="a">Applications pacifiques des explosions nucleai res. 3-ere partie: Mines, chimie, extraction d e gaz et de petroles</subfield></datafield><datafield ind1=" " ind2=" " tag="260"><subfield code="a">Saclay</subfield><subfield code="b">Centre D Etudes Nucleaires</subfield><subfield code="c">1965-1968</subfield></datafield><datafield ind1=" " ind2=" " tag="300"><subfield code="a">116 p</subfield></datafield><datafield ind1=" " ind2=" " tag="490"><subfield code="a">Bibliographie Cea-bib-63, 66, 129</subfield></datafield><datafield ind1=" " ind2=" " tag="852"><subfield code="a">621.039.9:016</subfield></datafield><datafield ind1=" " ind2=" " tag="CAT"><subfield code="a">SYS</subfield><subfield code="c">20170305</subfield><subfield code="h">203248</subfield></datafield></record></collection>